<record><leader>00000cas a22000007a 4500</leader><controlfield tag="001">14126834</controlfield><controlfield tag="008">860822d18731878pauwr ne      0    0eng d</controlfield><datafield ind1=" " ind2=" " tag="010"><subfield code="a">sn 86053647 </subfield></datafield><datafield ind1=" " ind2=" " tag="040"><subfield code="a">NPX</subfield><subfield code="b">eng</subfield><subfield code="c">NPX</subfield><subfield code="d">NPH</subfield><subfield code="d">OCLCQ</subfield></datafield><datafield ind1=" " ind2=" " tag="042"><subfield code="a">msc</subfield></datafield><datafield ind1="0" ind2="4" tag="245"><subfield code="a">The Mount Joy star.</subfield></datafield><datafield ind1=" " ind2=" " tag="260"><subfield code="a">Mount Joy, Pa. :</subfield><subfield code="b">Gallagher Bros.</subfield></datafield><datafield ind1=" " ind2=" " tag="300"><subfield code="a">v. :</subfield><subfield code="b">ill. (chiefly advertisements) ;</subfield><subfield code="c">48-60 cm.</subfield></datafield><datafield ind1=" " ind2=" " tag="310"><subfield code="a">Weekly</subfield></datafield><datafield ind1="1" ind2=" " tag="362"><subfield code="a">Began in Apr. 1873; ceased in 1878.</subfield><subfield code="z">Cf. Centennial souvenir, historical and pictorial, Mount Joy and hist. of Florin.</subfield></datafield><datafield ind1=" " ind2=" " tag="500"><subfield code="a">Publisher: L.M. Gallagher &lt;1874-1876&gt;.</subfield></datafield><datafield ind1=" " ind2=" " tag="500"><subfield code="a">Editor: L.M. Gallagher, &lt;1876&gt;.</subfield></datafield><datafield ind1=" " ind2=" " tag="580"><subfield code="a">Merged with: Milton Grove news, to form: Mount Joy star and news. Cf. Centennial souvenir, historical and pictorial, Mount Joy and hist. of Florin.</subfield></datafield><datafield ind1=" " ind2=" " tag="588"><subfield code="a">Description based on: Vol. 1, no. 28 (Nov. 26, 1873).</subfield></datafield><datafield ind1=" " ind2=" " tag="752"><subfield code="a">United States</subfield><subfield code="b">Pennsylvania</subfield><subfield code="c">Lancaster</subfield><subfield code="d">Mount Joy.</subfield></datafield><datafield ind1="0" ind2="0" tag="780"><subfield code="t">Mastersonville star</subfield><subfield code="w">(DLC)sn 89077148</subfield></datafield><datafield ind1="1" ind2="7" tag="785"><subfield code="t">Milton Grove news</subfield></datafield><datafield ind1="1" ind2="7" tag="785"><subfield code="t">Mount Joy star and news</subfield><subfield code="w">(DLC)sn 87080370</subfield></datafield><datafield ind1="1" ind2=" " tag="029"><subfield code="a">AU@</subfield><subfield code="b">000025793210</subfield></datafield></record>